
@book{helisch_security_2009,
	location = {Wiesbaden},
	edition = {2009},
	title = {Security Awareness: Neue Wege zur erfolgreichen Mitarbeiter-Sensibilisierung},
	isbn = {978-3-8348-0668-0},
	shorttitle = {{SA}199},
	pagetotal = {332},
	publisher = {Vieweg+Teubner Verlag},
	author = {Helisch, Michael and Pokoyski, Dietmar},
	date = {2009-09-15}
}

@book{wisler_informationssicherheit_2013,
	location = {Rheinfelden/Schweiz},
	edition = {2., verb. Aufl.},
	title = {Informationssicherheit f√ºr {KMU}},
	isbn = {978-3-905413-24-3},
	pagetotal = {80},
	publisher = {{BPX}-Edition},
	author = {Wisler, Andreas},
	date = {2013}
}