@article{einstein,
    author =       "Albert Einstein",
    title =        "{Zur Elektrodynamik bewegter K{\"o}rper}. ({German})
    [{On} the electrodynamics of moving bodies]",
    journal =      "Annalen der Physik",
    volume =       "322",
    number =       "10",
    pages =        "891--921",
    year =         "1905",
    DOI =          "http://dx.doi.org/10.1002/andp.19053221004",
    keywords =     "physics"
}
 
@book{dirac,
    title={The Prinziples of Quantum Mechanics},
    author={Paul Adrien Maurice Dirac},
    isbn={9780198520115},
    series={International series of monographs on physics},
    year={1981},
    publisher={Clarendon Press},
    keywords = {physics}
}
 
@online{knuthwebsite,
    author    = "Donald Knuth",
    title     = "Knuth: Computers and Typesetting",
    url       = "http://www-cs-faculty.stanford.edu/~uno/abcde.html",
    keywords  = "latex,knuth"
}
 
@inbook{knuth-fa,
    author = "Donald E. Knuth",
    title = "Fundamental Algorithms",
    publisher = "Addison-Wesley",
    year = "1973",
    chapter = "1.2",
    keywords  = "knuth,programming"
}

@book{helisch,
	location = {Wiesbaden},
	edition = {2009},
	title = {Security Awareness: Neue Wege zur erfolgreichen Mitarbeiter-Sensibilisierung},
	isbn = {978-3-8348-0668-0},
	shorttitle = {Security Awareness},
	pagetotal = {332},
	publisher = {Vieweg+Teubner Verlag},
	author = {Helisch, Michael and Pokoyski, Dietmar},
	date = {2009-09-15}
}

@book{wisler_informationssicherheit_2013,
	location = {Rheinfelden/Schweiz},
	edition = {2., verb. Aufl.},
	title = {Informationssicherheit f√ºr {KMU}},
	isbn = {978-3-905413-24-3},
	pagetotal = {80},
	publisher = {{BPX}-Edition},
	author = {Wisler, Andreas},
	date = {2013}
}