
@online{united_nations_united_2013,
	title = {United Nations Statistics Division- Standard Country and Area Codes Classifications (M49)},
	url = {http://unstats.un.org/unsd/methods/m49/m49regin.htm},
	author = {{United Nations}},
	urldate = {2016-05-22},
	date = {2013}
}

@online{bundesamt_fur_statistik_bfs_statistik_2015,
	title = {Statistik Schweiz - Bildungsstand},
	url = {http://www.bfs.admin.ch/bfs/portal/de/index/themen/15/01/key/blank/01.html},
	shorttitle = {Bildungsstatistik 2014},
	author = {{Bundesamt für Statistik BFS}},
	urldate = {2016-05-22},
	date = {2015}
}

@book{helisch_security_2009,
	location = {Wiesbaden},
	edition = {2009},
	title = {Security Awareness: Neue Wege zur erfolgreichen Mitarbeiter-Sensibilisierung},
	isbn = {978-3-8348-0668-0},
	shorttitle = {{SA}199},
	pagetotal = {332},
	publisher = {Vieweg+Teubner Verlag},
	author = {Helisch, Michael and Pokoyski, Dietmar},
	date = {2009-09-15}
}

@book{berekoven_marktforschung:_2009,
	location = {Wiesbaden},
	edition = {12},
	title = {Marktforschung: Methodische Grundlagen und praktische Anwendung},
	isbn = {978-3-8349-1548-1},
	shorttitle = {Marktforschung},
	pagetotal = {444},
	publisher = {Gabler Verlag},
	author = {Berekoven, Ludwig and Eckert, Werner and Ellenrieder, Peter},
	date = {2009-07-28}
}

@book{wisler_informationssicherheit_2013,
	location = {Rheinfelden/Schweiz},
	edition = {2., verb. Aufl.},
	title = {Informationssicherheit für {KMU}},
	isbn = {978-3-905413-24-3},
	pagetotal = {80},
	publisher = {{BPX}-Edition},
	author = {Wisler, Andreas and Schwyter, Fredy},
	date = {2013}
}

@mvbook{bsi_bsi-standard_2008,
	location = {Bonn},
	edition = {Version 2.0},
	title = {{BSI}-Standard 100-2},
	volume = {2},
	series = {{IT}-Grund­schutz-Stan­dards},
	volumes = {4},
	pagetotal = {95},
	number = {100-2},
	publisher = {Bundesamt für Sicherheit in der Informationstechnik ({BSI})},
	author = {{BSI}},
	date = {2008}
}

@inreference{wikipedia_netzdiagramm_2014,
	title = {Netzdiagramm --- Wikipedia},
	rights = {Creative Commons Attribution-{ShareAlike} License},
	url = {https://de.wikipedia.org/w/index.php?title=Netzdiagramm&oldid=132903595},
	booktitle = {Wikipedia},
	author = {{Wikipedia}},
	urldate = {2016-05-28},
	date = {2014-08-08},
	langid = {german},
	note = {Page Version {ID}: 132903595}
}

@online{renzel_spiderweb_2009,
	title = {Spiderweb diagram {\textbar} {TikZ} example},
	url = {http://www.texample.net/tikz/examples/spiderweb-diagram/},
	shorttitle = {Example: Spiderweb diagram},
	titleaddon = {Spiderweb diagram},
	author = {Renzel, Dominik},
	urldate = {2016-05-28},
	date = {2009}
}

@book{harris_cissp_2013,
	location = {Emeryville, Calif.; London},
	edition = {6. Auflage.},
	title = {{CISSP} exam guide},
	isbn = {978-0-07-178174-9},
	pagetotal = {1430},
	publisher = {Mcgraw-Hill Education Ltd},
	author = {Harris, Shon},
	date = {2013}
}

@misc{bmjv_bundesdatenschutzgesetz_1990,
	title = {Bundesdatenschutzgesetz},
	url = {http://www.gesetze-im-internet.de/bdsg_1990/index.html},
	shorttitle = {{BDSG}},
	publisher = {Bundesministeriums der Justiz und für Verbraucherschutz {BMJV}},
	author = {{BMJV}},
	urldate = {2016-06-16},
	date = {1990-12-20}
}

@book{kirchhoff_fragebogen:_2010,
	location = {Wiesbaden},
	edition = {5. Aufl. 2010},
	title = {Der Fragebogen: Datenbasis, Konstruktion und Auswertung},
	isbn = {978-3-531-16788-6},
	shorttitle = {Der Fragebogen},
	pagetotal = {136},
	publisher = {{VS} Verlag für Sozialwissenschaften},
	author = {Kirchhoff, Sabine and Kuhnt, Sonja and Lipp, Peter and Schlawin, Siegfried},
	date = {2010}
}

@book{mayer_interview_2012,
	location = {München},
	edition = {6},
	title = {Interview und schriftliche Befragung: Grundlagen und Methoden empirischer Sozialforschung},
	isbn = {978-3-486-70691-8},
	shorttitle = {Interview und schriftliche Befragung},
	pagetotal = {232},
	publisher = {Oldenbourg Wissenschaftsverlag},
	author = {Mayer, Horst Otto},
	date = {2012-11-07}
}